<?xml version="1.0" encoding="UTF-8"?><collection xmlns="http://www.loc.gov/MARC21/slim"><record><leader>00366nam--2200109-i-4500</leader><controlfield tag="001">000003141</controlfield><controlfield tag="002">20161230</controlfield><controlfield tag="005">20161230201025</controlfield><controlfield tag="008">060222s1000------------r-----000-0-eng-d</controlfield><datafield ind1=" " ind2=" " tag="245"><subfield code="a">Atomic age-the tenth year. developements since the international conference on the peaceful uses of atomic energy-1955</subfield></datafield><datafield ind1=" " ind2=" " tag="260"><subfield code="a">New York, Int. Rev Service, 1955 21 P. Lito</subfield></datafield><datafield ind1=" " ind2=" " tag="852"><subfield code="a">12173</subfield></datafield></record></collection>